<record><leader>00000cas a22000007a 4500</leader><controlfield tag="001">25896033</controlfield><controlfield tag="008">920527d19731976nyu x ne      0    0eng d</controlfield><datafield ind1=" " ind2=" " tag="010"><subfield code="a">sn 92061842 </subfield></datafield><datafield ind1=" " ind2=" " tag="040"><subfield code="a">NYS</subfield><subfield code="b">eng</subfield><subfield code="c">NYS</subfield><subfield code="d">OCL</subfield><subfield code="d">OCLCQ</subfield><subfield code="d">OCLCF</subfield><subfield code="d">OCLCO</subfield></datafield><datafield ind1="1" ind2=" " tag="029"><subfield code="a">AU@</subfield><subfield code="b">000020711163</subfield></datafield><datafield ind1=" " ind2=" " tag="042"><subfield code="a">msc</subfield></datafield><datafield ind1=" " ind2=" " tag="043"><subfield code="a">n-us-ny</subfield></datafield><datafield ind1="0" ind2="0" tag="245"><subfield code="a">Syracuse gazette news weekly.</subfield></datafield><datafield ind1="3" ind2="0" tag="246"><subfield code="a">Syracuse gazette</subfield></datafield><datafield ind1=" " ind2=" " tag="260"><subfield code="a">Syracuse, N.Y. :</subfield><subfield code="b">David J. Prater,</subfield><subfield code="c">1973-</subfield></datafield><datafield ind1=" " ind2=" " tag="300"><subfield code="a">v.</subfield></datafield><datafield ind1=" " ind2=" " tag="310"><subfield code="a">Irregular</subfield></datafield><datafield ind1="0" ind2=" " tag="362"><subfield code="a">Vol. 2, no. 18 (May 16, 1973)-</subfield></datafield><datafield ind1="1" ind2=" " tag="362"><subfield code="a">Ceased in 1976.</subfield></datafield><datafield ind1=" " ind2="0" tag="650"><subfield code="a">African Americans</subfield><subfield code="z">New York (State)</subfield><subfield code="z">Syracuse</subfield><subfield code="v">Newspapers.</subfield></datafield><datafield ind1=" " ind2="4" tag="651"><subfield code="a">Syracuse (N.Y.)</subfield><subfield code="v">Newspapers.</subfield></datafield><datafield ind1=" " ind2="7" tag="655"><subfield code="a">Newspapers.</subfield><subfield code="2">fast</subfield><subfield code="0">(OCoLC)fst01423814</subfield></datafield><datafield ind1=" " ind2="7" tag="650"><subfield code="a">African Americans.</subfield><subfield code="2">fast</subfield><subfield code="0">(OCoLC)fst00799558</subfield></datafield><datafield ind1=" " ind2="7" tag="651"><subfield code="a">New York (State)</subfield><subfield code="z">Syracuse.</subfield><subfield code="2">fast</subfield><subfield code="0">(OCoLC)fst01205293</subfield></datafield><datafield ind1=" " ind2=" " tag="752"><subfield code="a">United States</subfield><subfield code="b">New York</subfield><subfield code="c">Onondaga</subfield><subfield code="d">Syracuse.</subfield></datafield><datafield ind1="0" ind2="0" tag="780"><subfield code="t">Syracuse gazette (Syracuse, N.Y. : 1971)</subfield><subfield code="w">(DLC)sn 92061463</subfield><subfield code="w">(OCoLC)25271569</subfield></datafield><datafield ind1="0" ind2="0" tag="785"><subfield code="t">Syracuse gazette (Syracuse, N.Y. : 1976)</subfield><subfield code="w">(DLC)sn 92061843</subfield><subfield code="w">(OCoLC)25901837</subfield></datafield></record>